@Article{DHAR,
	title = {Self-organized critical state of sandpile automaton models.},
	author = {D. DHAR},
	journal = {Phys. Rev. Lett. 64, 1613-1616},
	year = {1990},
	pages* = {2}
}
@Article{MST,
	title = {Master equations and the theory of stochastic path integrals.},
	author = {Markus F. Weber, Erwin Frey},
	journal = {Rep. Prog. Phys., 80(4):046601, 2017.doi:10.1088/1361-6633/aa5ae2},
	year = {2017},
}
@Article{CHCH,
	title = {On the Avalanche-finiteness of Abelian Sandpiles.},
	author = {S. W. Chan, H. F. Chau},
	journal = {Physica A: Statistical Mechanics and its Applications, Volume 216, Issue 3, p. 227-232.},
	year = {1995},
	pages* = {3}
}
@Article{TGCCS,
	title = {Termini of calving glaciers as self-organized critical systems.},
	author = {J. A. Astrom, D. Vallot, M. Sch채fer, E.Z. Welty, S. O'Neel, T.C. Bartholomaus, Yan Liu, T. I. Riikil채, T. Zwinger, J. Timonen, J. C. Moore},
	journal = {Nature geoscience},
	year = {2014}
}
@Article{DHARBIS,
	title = {Directed Abelian sandpile with multiple downward neighbors},
	author = {Deepak Dhar, Gunnar Pruessner, Paul Expert, Kim Christensen, Nicky Zachariou},
	journal = {Phys. Rev. E 93, 042107},
	year = {2016}
}
@Article{h2,
	title = {Polynomial coefficients and distribution of the sum of discrete uniform variables},
	author = {Camila C. S Caiado, Pushpa N. Rathie},
	year = {2000}
}
@Article{h3,
	title = {Cumulants of discrete uniform distribution from Bernoulli numbers},
	author = {Christian Stump},
	year = {2018},
	url = {https://math.stackexchange.com/questions/2987613/cumulants-of-discrete-uniform-distribution-from-bernoulli-numbers}
},
	@Article{TGCCS,
	title = {Termini of calving glaciers as self-organized critical systems.},
	author = {J. A. Astrom, D. Vallot, M. Sch채fer, E. Z. Welty, S. O'Neel, T. C. Bartholomaus, Yan Liu, T. I. Riikil채, T. Zwinger, J. Timonen, J. C. Moore},
	journal = {Nature geoscience},
	year = {2014}
}
